<?xml version="1.0" encoding="UTF-8"?><collection xmlns="http://www.loc.gov/MARC21/slim"><record><leader>00302nam--2200121-i-4500</leader><controlfield tag="001">000048765</controlfield><controlfield tag="002">20161230</controlfield><controlfield tag="005">20161230201047</controlfield><controlfield tag="008">060222s1000------------r-----000-0-eng-d</controlfield><datafield ind1=" " ind2=" " tag="080"><subfield code="a">550.34:624</subfield></datafield><datafield ind1=" " ind2=" " tag="245"><subfield code="a">Adaptivnye sistemy seismicheskoi zashity soouzhenii</subfield></datafield><datafield ind1=" " ind2=" " tag="260"><subfield code="a">Moskva, 1978. 245 S</subfield></datafield><datafield ind1=" " ind2=" " tag="852"><subfield code="a">47238</subfield></datafield></record></collection>